%Add in papers as I compile the thesis from past .bib files.

%Introduction Chapter

%Planetarium Chapter

%SCI-HI System Chapter
@ARTICLE{rogers_2012,
   author = {{Rogers}, A.~E.~E. and {Bowman}, J.~D.},
    title = "{Absolute calibration of a wideband antenna and spectrometer for accurate sky noise temperature measurements}",
  journal = {Radio Science},
archivePrefix = "arXiv",
   eprint = {1209.1106},
 primaryClass = "astro-ph.IM",
 keywords = {antenna, calibration, spectrometer},
     year = 2012,
    month = aug,
   volume = 47,
      eid = {RS0K06},
    pages = {0},
      doi = {10.1029/2011RS004962},
   adsurl = {http://adsabs.harvard.edu/abs/2012RaSc...47.0K06R},
  adsnote = {Provided by the SAO/NASA Astrophysics Data System}
}

@ARTICLE{Voytek_2014,
   author = {{Voytek}, T.~C. and {Natarajan}, A. and {J{\'a}uregui Garc{\'{\i}}a}, J.~M. and 
	{Peterson}, J.~B. and {L{\'o}pez-Cruz}, O.},
    title = "{Probing the Dark Ages at z \~{} 20: The SCI-HI 21 cm All-sky Spectrum Experiment}",
  journal = {\apjl},
archivePrefix = "arXiv",
   eprint = {1311.0014},
 primaryClass = "astro-ph.CO",
 keywords = {cosmology: observations, dark ages, reionization, first stars, methods: observational, radio continuum: general},
     year = 2014,
    month = feb,
   volume = 782,
      eid = {L9},
    pages = {L9},
      doi = {10.1088/2041-8205/782/1/L9},
   adsurl = {http://adsabs.harvard.edu/abs/2014ApJ...782L...9V},
  adsnote = {Provided by the SAO/NASA Astrophysics Data System}
}

%RFI-Testing Chapter

%Data Analysis Chapter
@ARTICLE{meteor_review,
   author = {{Ceplecha}, Z. and {Borovi{\v c}ka}, J. and {Elford}, W.~G. and 
	{Revelle}, D.~O. and {Hawkes}, R.~L. and {Porub{\v c}an}, V. and 
	{{\v S}imek}, M.},
    title = "{Meteor Phenomena and Bodies}",
  journal = {\ssr},
     year = 1998,
    month = sep,
   volume = 84,
    pages = {327-471},
      doi = {10.1023/A:1005069928850},
   adsurl = {http://adsabs.harvard.edu/abs/1998SSRv...84..327C},
  adsnote = {Provided by the SAO/NASA Astrophysics Data System}
}

@ARTICLE{GSM_model,
   author = {{de Oliveira-Costa}, A. and {Tegmark}, M. and {Gaensler}, B.~M. and 
	{Jonas}, J. and {Landecker}, T.~L. and {Reich}, P.},
    title = "{A model of diffuse Galactic radio emission from 10 MHz to 100 GHz}",
  journal = {\mnras},
archivePrefix = "arXiv",
   eprint = {0802.1525},
 keywords = {methods: data analysis , astronomical data bases: miscellaneous , ISM: structure , diffuse radiation , radio continuum: ISM},
     year = 2008,
    month = jul,
   volume = 388,
    pages = {247-260},
      doi = {10.1111/j.1365-2966.2008.13376.x},
   adsurl = {http://adsabs.harvard.edu/abs/2008MNRAS.388..247D},
  adsnote = {Provided by the SAO/NASA Astrophysics Data System}
}

@ARTICLE{paciga_2013,
   author = {{Paciga}, G. and {Albert}, J.~G. and {Bandura}, K. and {Chang}, T.-C. and 
	{Gupta}, Y. and {Hirata}, C. and {Odegova}, J. and {Pen}, U.-L. and 
	{Peterson}, J.~B. and {Roy}, J. and {Shaw}, J.~R. and {Sigurdson}, K. and 
	{Voytek}, T.},
    title = "{A simulation-calibrated limit on the H I power spectrum from the GMRT Epoch of Reionization experiment}",
  journal = {\mnras},
archivePrefix = "arXiv",
   eprint = {1301.5906},
 primaryClass = "astro-ph.CO",
 keywords = {intergalactic medium, cosmology: observations, diffuse radiation, radio lines: general},
     year = 2013,
    month = jul,
   volume = 433,
    pages = {639-647},
      doi = {10.1093/mnras/stt753},
   adsurl = {http://adsabs.harvard.edu/abs/2013MNRAS.433..639P},
  adsnote = {Provided by the SAO/NASA Astrophysics Data System}
}

